<?xml version="1.0" encoding="UTF-8"?><collection xmlns="http://www.loc.gov/MARC21/slim"><record><leader>00439nam--2200145-i-4500</leader><controlfield tag="001">000001139</controlfield><controlfield tag="002">20161230</controlfield><controlfield tag="005">20161230201024</controlfield><controlfield tag="008">060222s1000------------r-----000-0-eng-d</controlfield><datafield ind1=" " ind2=" " tag="080"><subfield code="a">537.531</subfield></datafield><datafield ind1=" " ind2=" " tag="245"><subfield code="a">Methods of obtaining monochromatic x-ray and neutrons</subfield></datafield><datafield ind1=" " ind2=" " tag="260"><subfield code="a">London, International Union Of Crystallography 1967. 79 P</subfield></datafield><datafield ind1=" " ind2=" " tag="490"><subfield code="a">International Union Of Crystallography Bibliography</subfield></datafield><datafield ind1=" " ind2=" " tag="700"><subfield code="a">Herbstein, F.H</subfield></datafield><datafield ind1=" " ind2=" " tag="852"><subfield code="a">D.1141</subfield></datafield></record></collection>